<?xml version="1.0" encoding="UTF-8"?>
<!DOCTYPE html PUBLIC "-//W3C//DTD XHTML 1.0 Transitional//EN"
    "http://www.w3.org/TR/xhtml1/DTD/xhtml1-transitional.dtd">
<html xmlns="http://www.w3.org/1999/xhtml" xml:lang="en" lang="en">
 <head>
  <title>
</title>
<meta http-equiv="Content-Type" content="text/html;charset=utf-8" />
  <meta name='ocr-system' content='tesseract 3.04.00' />
  <meta name='ocr-capabilities' content='ocr_page ocr_carea ocr_par ocr_line ocrx_word'/>
</head>
<body>
  <div class='ocr_page' id='page_1' title='image "./prolegomenaadde00schagoog_0042.png"; bbox 0 0 2564 4724; ppageno 0'>
   <div class='ocr_carea' id='block_1_1' title="bbox 343 260 768 345">
    <p class='ocr_par' dir='ltr' id='par_1_1' title="bbox 343 260 768 345">
     <span class='ocr_line' id='line_1_1' title="bbox 343 260 768 345; baseline -0.002 -15"><span class='ocrx_word' id='word_1_1' title='bbox 343 260 768 345; x_wconf 67' lang='lat'>.,¹-&#39;.33-</span> 
     </span>
    </p>
   </div>
   <div class='ocr_carea' id='block_1_2' title="bbox 97 458 1178 680">
    <p class='ocr_par' dir='ltr' id='par_1_2' title="bbox 97 458 1178 680">
     <span class='ocr_line' id='line_1_2' title="bbox 104 458 1178 571; baseline -0.043 -12"><span class='ocrx_word' id='word_1_2' title='bbox 104 481 276 565; x_wconf 78' lang='lat' dir='ltr'>Oratoris</span> <span class='ocrx_word' id='word_1_3' title='bbox 309 458 660 558; x_wconf 64' lang='lat' dir='ltr'>ttumanitateirufi.)</span> <span class='ocrx_word' id='word_1_4' title='bbox 689 488 729 556; x_wconf 82' lang='lat' dir='ltr'>et</span> <span class='ocrx_word' id='word_1_5' title='bbox 754 469 1076 571; x_wconf 54' lang='lat' dir='ltr'>diligentiamtr),</span> <span class='ocrx_word' id='word_1_6' title='bbox 1104 497 1178 549; x_wconf 63' lang='lat' dir='ltr'>nec</span> 
     </span>
     <span class='ocr_line' id='line_1_3' title="bbox 97 570 891 680; baseline -0.052 -22"><span class='ocrx_word' id='word_1_7' title='bbox 97 605 180 659; x_wconf 87' lang='lat' dir='ltr'>nou</span> <span class='ocrx_word' id='word_1_8' title='bbox 203 582 393 680; x_wconf 82' lang='lat' dir='ltr'>pietatem</span> <span class='ocrx_word' id='word_1_9' title='bbox 418 591 534 676; x_wconf 84' lang='lat' dir='ltr'>atque</span> <span class='ocrx_word' id='word_1_10' title='bbox 558 570 891 673; x_wconf 45' lang='lat' dir='ltr'>prudentiamne),</span> 
     </span>
    </p>
   </div>
   <div class='ocr_carea' id='block_1_3' title="bbox 97 695 1279 1115">
    <p class='ocr_par' dir='ltr' id='par_1_3' title="bbox 97 695 1279 1115">
     <span class='ocr_line' id='line_1_4' title="bbox 176 695 1176 790; baseline -0.018 -1"><span class='ocrx_word' id='word_1_11' title='bbox 176 713 273 788; x_wconf 86' lang='lat' dir='ltr'><strong>XIX.</strong></span> <span class='ocrx_word' id='word_1_12' title='bbox 324 707 626 785; x_wconf 72' lang='lat' dir='ltr'>Orationem</span> <span class='ocrx_word' id='word_1_13' title='bbox 659 695 1176 790; x_wconf 82' lang='lat' dir='ltr'>Demosthenicarum</span> 
     </span>
     <span class='ocr_line' id='line_1_5' title="bbox 97 804 1247 908; baseline -0.011 -19"><span class='ocrx_word' id='word_1_14' title='bbox 97 815 204 891; x_wconf 77' lang='lat' dir='ltr'>tria</span> <span class='ocrx_word' id='word_1_15' title='bbox 229 827 318 885; x_wconf 76' lang='lat' dir='ltr'>stunt</span> <span class='ocrx_word' id='word_1_16' title='bbox 342 833 500 908; x_wconf 73' lang='lat' dir='ltr'>genera,</span> <span class='ocrx_word' id='word_1_17' title='bbox 522 832 615 879; x_wconf 85' lang='lat' dir='ltr'>nam</span> <span class='ocrx_word' id='word_1_18' title='bbox 635 804 687 877; x_wconf 85' lang='lat' dir='ltr'>ad</span> <span class='ocrx_word' id='word_1_19' title='bbox 700 806 1017 877; x_wconf 81' lang='lat' dir='ltr'>triacaussarum</span> <span class='ocrx_word' id='word_1_20' title='bbox 1034 817 1198 899; x_wconf 85' lang='lat' dir='ltr'>genera</span> <span class='ocrx_word' id='word_1_21' title='bbox 1243 830 1247 837; x_wconf 93' lang='lat'><em>·</em></span> 
     </span>
     <span class='ocr_line' id='line_1_6' title="bbox 99 904 1176 991; baseline -0.013 -1"><span class='ocrx_word' id='word_1_22' title='bbox 99 914 334 991; x_wconf 76' lang='lat' dir='ltr'>referrentur.</span> <span class='ocrx_word' id='word_1_23' title='bbox 387 907 547 984; x_wconf 73' lang='lat' dir='ltr'>Sauo-I.</span> <span class='ocrx_word' id='word_1_24' title='bbox 580 904 964 978; x_wconf 79' lang='lat' dir='ltr'><strong>deliberativae</strong></span> <span class='ocrx_word' id='word_1_25' title='bbox 1005 930 1034 976; x_wconf 87' lang='lat' dir='ltr'>s.</span> <span class='ocrx_word' id='word_1_26' title='bbox 1059 928 1176 977; x_wconf 85' lang='lat' dir='ltr'>con·</span> 
     </span>
     <span class='ocr_line' id='line_1_7' title="bbox 100 1001 1279 1115; baseline -0.013 -24"><span class='ocrx_word' id='word_1_27' title='bbox 100 1015 386 1093; x_wconf 82' lang='lat' dir='ltr'>sttltativae</span> <span class='ocrx_word' id='word_1_28' title='bbox 408 1004 756 1115; x_wconf 78' lang='lat' dir='ltr'>(consultationes),</span> <span class='ocrx_word' id='word_1_29' title='bbox 775 1028 874 1104; x_wconf 69' lang='lat' dir='ltr'>(puae</span> <span class='ocrx_word' id='word_1_30' title='bbox 893 1001 944 1076; x_wconf 86' lang='lat' dir='ltr'>ad</span> <span class='ocrx_word' id='word_1_31' title='bbox 957 1002 1174 1103; x_wconf 85' lang='lat' dir='ltr'>rempubli-</span> <span class='ocrx_word' id='word_1_32' title='bbox 1276 1002 1279 1008; x_wconf 78' lang='grc'>’</span> 
     </span>
    </p>
   </div>
   <div class='ocr_carea' id='block_1_4' title="bbox 98 1203 449 1226">
    <p class='ocr_par' dir='ltr' id='par_1_4' title="bbox 98 1203 449 1226">
     <span class='ocr_line' id='line_1_8' title="bbox 98 1203 449 1226; baseline -0.003 -5"><span class='ocrx_word' id='word_1_33' title='bbox 98 1203 449 1226; x_wconf 52' lang='lat' dir='ltr'>—m</span> 
     </span>
    </p>
   </div>
   <div class='ocr_carea' id='block_1_5' title="bbox 47 1296 1275 3732">
    <p class='ocr_par' dir='ltr' id='par_1_5' title="bbox 134 1296 1275 1646">
     <span class='ocr_line' id='line_1_9' title="bbox 135 1296 1275 1392; baseline -0.003 -20"><span class='ocrx_word' id='word_1_34' title='bbox 135 1331 225 1386; x_wconf 85' lang='lat' dir='ltr'>rum,</span> <span class='ocrx_word' id='word_1_35' title='bbox 256 1329 319 1392; x_wconf 87' lang='lat' dir='ltr'>qua</span> <span class='ocrx_word' id='word_1_36' title='bbox 348 1307 592 1369; x_wconf 79' lang='lat' dir='ltr'><strong>Demosthenes</strong></span> <span class='ocrx_word' id='word_1_37' title='bbox 621 1296 686 1368; x_wconf 82' lang='lat' dir='ltr'>hoe</span> <span class='ocrx_word' id='word_1_38' title='bbox 717 1317 947 1390; x_wconf 80' lang='lat' dir='ltr'>argumentum</span> <span class='ocrx_word' id='word_1_39' title='bbox 975 1324 1069 1368; x_wconf 82' lang='lat' dir='ltr'>suum</span> <span class='ocrx_word' id='word_1_40' title='bbox 1092 1307 1185 1369; x_wconf 73' lang='lat' dir='ltr'>dila·</span> <span class='ocrx_word' id='word_1_41' title='bbox 1243 1306 1275 1319; x_wconf 68' lang='lat'>&#39;⁴</span> 
     </span>
     <span class='ocr_line' id='line_1_10' title="bbox 136 1389 1174 1477; baseline -0.002 -21"><span class='ocrx_word' id='word_1_42' title='bbox 136 1394 233 1470; x_wconf 82' lang='lat' dir='ltr'>tavit,</span> <span class='ocrx_word' id='word_1_43' title='bbox 253 1392 288 1451; x_wconf 89' lang='lat' dir='ltr'>in</span> <span class='ocrx_word' id='word_1_44' title='bbox 309 1391 443 1452; x_wconf 89' lang='lat' dir='ltr'>intimos</span> <span class='ocrx_word' id='word_1_45' title='bbox 466 1391 559 1477; x_wconf 80' lang='lat' dir='ltr'><strong>quasi</strong></span> <span class='ocrx_word' id='word_1_46' title='bbox 579 1396 732 1453; x_wconf 74' lang='lat' dir='ltr'>recessus</span> <span class='ocrx_word' id='word_1_47' title='bbox 750 1389 910 1451; x_wconf 82' lang='lat' dir='ltr'>materiae</span> <span class='ocrx_word' id='word_1_48' title='bbox 927 1391 1174 1469; x_wconf 85' lang='lat' dir='ltr'>descendendo,</span> 
     </span>
     <span class='ocr_line' id='line_1_11' title="bbox 136 1473 1241 1560; baseline -0.003 -20"><span class='ocrx_word' id='word_1_49' title='bbox 136 1479 220 1541; x_wconf 83' lang='lat' dir='ltr'>nihi-l</span> <span class='ocrx_word' id='word_1_50' title='bbox 245 1491 365 1551; x_wconf 85' lang='lat' dir='ltr'>tamen,</span> <span class='ocrx_word' id='word_1_51' title='bbox 388 1478 476 1560; x_wconf 89' lang='lat' dir='ltr'>quod</span> <span class='ocrx_word' id='word_1_52' title='bbox 499 1476 555 1540; x_wconf 81' lang='lat' dir='ltr'>vel</span> <span class='ocrx_word' id='word_1_53' title='bbox 580 1473 724 1537; x_wconf 86' lang='lat' dir='ltr'>alienum</span> <span class='ocrx_word' id='word_1_54' title='bbox 747 1488 845 1548; x_wconf 89' lang='lat' dir='ltr'>esset,</span> <span class='ocrx_word' id='word_1_55' title='bbox 869 1474 923 1539; x_wconf 84' lang='lat' dir='ltr'>vel</span> <span class='ocrx_word' id='word_1_56' title='bbox 947 1493 966 1534; x_wconf 89' lang='lat' dir='ltr'>e</span> <span class='ocrx_word' id='word_1_57' title='bbox 989 1474 1188 1560; x_wconf 73' lang='lat' dir='ltr'>longinquo,</span> <span class='ocrx_word' id='word_1_58' title='bbox 1234 1532 1241 1543; x_wconf 59' lang='lat'><em>„</em></span> 
     </span>
     <span class='ocr_line' id='line_1_12' title="bbox 134 1559 1175 1646; baseline -0.001 -24"><span class='ocrx_word' id='word_1_59' title='bbox 134 1563 289 1646; x_wconf 88' lang='lat' dir='ltr'>petitum,</span> <span class='ocrx_word' id='word_1_60' title='bbox 301 1560 485 1643; x_wconf 64' lang='lat' dir='ltr'>*sophistica</span> <span class='ocrx_word' id='word_1_61' title='bbox 503 1573 575 1624; x_wconf 85' lang='lat' dir='ltr'>arte</span> <span class='ocrx_word' id='word_1_62' title='bbox 589 1559 800 1635; x_wconf 79' lang='lat' dir='ltr'>inculcando,</span> <span class='ocrx_word' id='word_1_63' title='bbox 816 1559 966 1618; x_wconf 89' lang='lat' dir='ltr'>omuibus</span> <span class='ocrx_word' id='word_1_64' title='bbox 979 1579 1071 1634; x_wconf 87' lang='lat' dir='ltr'>vero,</span> <span class='ocrx_word' id='word_1_65' title='bbox 1090 1579 1175 1644; x_wconf 83' lang='lat' dir='ltr'>quae</span> 
     </span>
    </p>

    <p class='ocr_par' dir='ltr' id='par_1_6' title="bbox 80 1643 1273 2955">
     <span class='ocr_line' id='line_1_13' title="bbox 80 1643 1174 1728; baseline -0.003 -20"><span class='ocrx_word' id='word_1_66' title='bbox 80 1648 83 1655; x_wconf 77' lang='grc'>’</span> <span class='ocrx_word' id='word_1_67' title='bbox 135 1668 220 1708; x_wconf 89' lang='lat' dir='ltr'>rem.</span> <span class='ocrx_word' id='word_1_68' title='bbox 235 1646 417 1708; x_wconf 72' lang='lat' dir='ltr'>clarissima</span> <span class='ocrx_word' id='word_1_69' title='bbox 440 1645 516 1720; x_wconf 77' lang='lat' dir='ltr'>luce</span> <span class='ocrx_word' id='word_1_70' title='bbox 535 1644 812 1707; x_wconf 76' lang='lat' dir='ltr'>circumfundere,</span> <span class='ocrx_word' id='word_1_71' title='bbox 824 1655 857 1703; x_wconf 91' lang='lat' dir='ltr'>et</span> <span class='ocrx_word' id='word_1_72' title='bbox 876 1643 1005 1723; x_wconf 85' lang='lat' dir='ltr'>judices</span> <span class='ocrx_word' id='word_1_73' title='bbox 1028 1645 1062 1705; x_wconf 92' lang='lat' dir='ltr'>in</span> <span class='ocrx_word' id='word_1_74' title='bbox 1077 1666 1174 1728; x_wconf 73' lang='lat' dir='ltr'>(luam</span> 
     </span>
     <span class='ocr_line' id='line_1_14' title="bbox 134 1727 1173 1813; baseline -0.005 -19"><span class='ocrx_word' id='word_1_75' title='bbox 134 1732 243 1794; x_wconf 86' lang='lat' dir='ltr'>vellet</span> <span class='ocrx_word' id='word_1_76' title='bbox 264 1743 394 1813; x_wconf 88' lang='lat' dir='ltr'>partem</span> <span class='ocrx_word' id='word_1_77' title='bbox 415 1748 555 1792; x_wconf 87' lang='lat' dir='ltr'>movere</span> <span class='ocrx_word' id='word_1_78' title='bbox 576 1741 724 1813; x_wconf 78' lang='lat' dir='ltr'>possent,</span> <span class='ocrx_word' id='word_1_79' title='bbox 749 1727 951 1808; x_wconf 84' lang='lat' dir='ltr'>occupandis</span> <span class='ocrx_word' id='word_1_80' title='bbox 968 1740 1005 1813; x_wconf 87' lang='lat' dir='ltr'>et</span> <span class='ocrx_word' id='word_1_81' title='bbox 1025 1728 1060 1788; x_wconf 92' lang='lat' dir='ltr'>iu</span> <span class='ocrx_word' id='word_1_82' title='bbox 1077 1748 1173 1791; x_wconf 81' lang='lat' dir='ltr'>usum</span> 
     </span>
     <span class='ocr_line' id='line_1_15' title="bbox 134 1806 1161 1897; baseline -0.005 -19"><span class='ocrx_word' id='word_1_83' title='bbox 134 1839 233 1897; x_wconf 78' lang='lat' dir='ltr'>suum¹</span> <span class='ocrx_word' id='word_1_84' title='bbox 263 1813 498 1895; x_wconf 68' lang='lat' dir='ltr'>convertendis</span> <span class='ocrx_word' id='word_1_85' title='bbox 522 1827 586 1880; x_wconf 83' lang='lat' dir='ltr'>ete.</span> <span class='ocrx_word' id='word_1_86' title='bbox 607 1845 650 1860; x_wconf 87' lang='lat'>-·</span> <span class='ocrx_word' id='word_1_87' title='bbox 711 1813 767 1892; x_wconf 78' lang='lat'>26)</span> <span class='ocrx_word' id='word_1_88' title='bbox 791 1806 869 1878; x_wconf 82' lang='lat' dir='ltr'>vid.</span> <span class='ocrx_word' id='word_1_89' title='bbox 902 1811 1000 1872; x_wconf 92' lang='lat' dir='ltr'>eund.</span> <span class='ocrx_word' id='word_1_90' title='bbox 1031 1813 1053 1873; x_wconf 91' lang='grc' dir='ltr'>Ι.</span> <span class='ocrx_word' id='word_1_91' title='bbox 1087 1832 1161 1895; x_wconf 91' lang='lat' dir='ltr'>e.p</span> 
     </span>
     <span class='ocr_line' id='line_1_16' title="bbox 133 1894 1260 1982; baseline -0.003 -22"><span class='ocrx_word' id='word_1_92' title='bbox 133 1903 234 1965; x_wconf 78' lang='lat' dir='ltr'><strong>XLV.</strong></span> <span class='ocrx_word' id='word_1_93' title='bbox 256 1934 298 1945; x_wconf 90' lang='lat'>-</span> <span class='ocrx_word' id='word_1_94' title='bbox 361 1901 419 1973; x_wconf 82' lang='lat'>27)</span> <span class='ocrx_word' id='word_1_95' title='bbox 443 1900 615 1982; x_wconf 73' lang='lat' dir='ltr'>Nunquam</span> <span class='ocrx_word' id='word_1_96' title='bbox 635 1896 711 1957; x_wconf 86' lang='lat' dir='ltr'>fere</span> <span class='ocrx_word' id='word_1_97' title='bbox 730 1894 916 1956; x_wconf 85' lang='lat' dir='ltr'>orationem</span> <span class='ocrx_word' id='word_1_98' title='bbox 933 1895 1085 1971; x_wconf 83' lang='lat' dir='ltr'>habebat,</span> <span class='ocrx_word' id='word_1_99' title='bbox 1108 1895 1172 1957; x_wconf 90' lang='lat' dir='ltr'>nisi</span> <span class='ocrx_word' id='word_1_100' title='bbox 1257 1911 1260 1915; x_wconf 88' lang='grc'><em>·</em></span> 
     </span>
     <span class='ocr_line' id='line_1_17' title="bbox 139 1979 1174 2073; baseline -0.002 -29"><span class='ocrx_word' id='word_1_101' title='bbox 139 1980 561 2058; x_wconf 77' lang='lat' dir='ltr'>adhibita&#39;diligentissima</span> <span class='ocrx_word' id='word_1_102' title='bbox 581 1979 847 2062; x_wconf 85' lang='lat' dir='ltr'>praeparatione.</span> <span class='ocrx_word' id='word_1_103' title='bbox 883 1979 997 2073; x_wconf 75' lang='lat' dir='ltr'>Quare</span> <span class='ocrx_word' id='word_1_104' title='bbox 1017 1982 1174 2042; x_wconf 83' lang='lat' dir='ltr'>adversa-</span> 
     </span>
     <span class='ocr_line' id='line_1_18' title="bbox 138 2061 1171 2146; baseline 0.001 -21"><span class='ocrx_word' id='word_1_105' title='bbox 138 2065 185 2126; x_wconf 88' lang='lat' dir='ltr'>rii</span> <span class='ocrx_word' id='word_1_106' title='bbox 208 2085 292 2131; x_wconf 26' lang='lat' dir='ltr'>,eum</span> <span class='ocrx_word' id='word_1_107' title='bbox 319 2061 516 2139; x_wconf 79' lang='lat' dir='ltr'>irridebant,</span> <span class='ocrx_word' id='word_1_108' title='bbox 555 2077 590 2125; x_wconf 89' lang='lat' dir='ltr'>et</span> <span class='ocrx_word' id='word_1_109' title='bbox 616 2064 757 2144; x_wconf 83' lang='lat' dir='ltr'>Pytheas</span> <span class='ocrx_word' id='word_1_110' title='bbox 790 2068 923 2146; x_wconf 86' lang='lat' dir='ltr'>(orator</span> <span class='ocrx_word' id='word_1_111' title='bbox 945 2064 1171 2143; x_wconf 81' lang='lat' dir='ltr'>Atheniensis,</span> 
     </span>
     <span class='ocr_line' id='line_1_19' title="bbox 141 2146 1243 2232; baseline 0.001 -22"><span class='ocrx_word' id='word_1_112' title='bbox 141 2147 288 2232; x_wconf 87' lang='lat' dir='ltr'>Philippi</span> <span class='ocrx_word' id='word_1_113' title='bbox 310 2147 536 2217; x_wconf 83' lang='lat' dir='ltr'>etAiexandri</span> <span class='ocrx_word' id='word_1_114' title='bbox 548 2152 593 2209; x_wconf 89' lang='lat' dir='ltr'>M.</span> <span class='ocrx_word' id='word_1_115' title='bbox 615 2160 750 2230; x_wconf 86' lang='lat' dir='ltr'>tempp.,</span> <span class='ocrx_word' id='word_1_116' title='bbox 774 2147 976 2231; x_wconf 80' lang='lat' dir='ltr'>demagogus</span> <span class='ocrx_word' id='word_1_117' title='bbox 988 2146 1171 2231; x_wconf 85' lang='lat' dir='ltr'>improbus,</span> <span class='ocrx_word' id='word_1_118' title='bbox 1240 2186 1243 2191; x_wconf 54' lang='lat'>2</span> 
     </span>
     <span class='ocr_line' id='line_1_20' title="bbox 136 2230 1171 2314; baseline 0.001 -20"><span class='ocrx_word' id='word_1_119' title='bbox 136 2234 237 2295; x_wconf 87' lang='lat' dir='ltr'>homo</span> <span class='ocrx_word' id='word_1_120' title='bbox 260 2230 466 2308; x_wconf 77' lang='lat' dir='ltr'>libidinosus,</span> <span class='ocrx_word' id='word_1_121' title='bbox 499 2255 516 2294; x_wconf 88' lang='lat' dir='ltr'>a</span> <span class='ocrx_word' id='word_1_122' title='bbox 541 2231 695 2314; x_wconf 88' lang='lat' dir='ltr'>Philippo</span> <span class='ocrx_word' id='word_1_123' title='bbox 728 2232 918 2308; x_wconf 80' lang='lat' dir='ltr'>redemtus3</span> <span class='ocrx_word' id='word_1_124' title='bbox 949 2232 1037 2294; x_wconf 89' lang='lat' dir='ltr'>Plut.</span> <span class='ocrx_word' id='word_1_125' title='bbox 1068 2233 1171 2301; x_wconf 90' lang='lat' dir='ltr'>Phoc.</span> 
     </span>
     <span class='ocr_line' id='line_1_21' title="bbox 137 2314 1270 2410; baseline 0.008 -29"><span class='ocrx_word' id='word_1_126' title='bbox 137 2323 344 2398; x_wconf 57' lang='lat' dir='ltr'>e.‚21,Dem.</span> <span class='ocrx_word' id='word_1_127' title='bbox 364 2341 415 2403; x_wconf 86' lang='lat' dir='ltr'>ep.</span> <span class='ocrx_word' id='word_1_128' title='bbox 432 2318 529 2383; x_wconf 88' lang='lat' dir='ltr'>llIde</span> <span class='ocrx_word' id='word_1_129' title='bbox 542 2323 685 2404; x_wconf 80' lang='lat' dir='ltr'><strong>Lycurgi</strong></span> <span class='ocrx_word' id='word_1_130' title='bbox 703 2314 767 2403; x_wconf 77' lang='lat' dir='ltr'>fit.)</span> <span class='ocrx_word' id='word_1_131' title='bbox 793 2323 967 2406; x_wconf 87' lang='lat' dir='ltr'>quondam,</span> <span class='ocrx_word' id='word_1_132' title='bbox 990 2318 1172 2410; x_wconf 64' lang='lat' dir='ltr'>&#39;Ettopvt-</span> <span class='ocrx_word' id='word_1_133' title='bbox 1248 2317 1270 2345; x_wconf 35' lang='lat'>‘⁸</span> 
     </span>
     <span class='ocr_line' id='line_1_22' title="bbox 134 2409 1170 2509; baseline 0.005 -26"><span class='ocrx_word' id='word_1_134' title='bbox 134 2443 196 2498; x_wconf 85' lang='grc' dir='ltr'>ων,</span> <span class='ocrx_word' id='word_1_135' title='bbox 222 2420 313 2494; x_wconf 85' lang='lat' dir='ltr'>dixit,</span> <span class='ocrx_word' id='word_1_136' title='bbox 333 2413 429 2500; x_wconf 72' lang='grc' dir='ltr'><em>ὄζειν</em></span> <span class='ocrx_word' id='word_1_137' title='bbox 455 2413 562 2483; x_wconf 79' lang='grc' dir='ltr'><em>αὐτοῦ</em></span> <span class='ocrx_word' id='word_1_138' title='bbox 590 2414 635 2482; x_wconf 83' lang='grc' dir='ltr'>τοὶ</span> <span class='ocrx_word' id='word_1_139' title='bbox 667 2412 914 2509; x_wconf 70' lang='grc' dir='ltr'><em>ἐνθυμήματα.</em></span> <span class='ocrx_word' id='word_1_140' title='bbox 959 2422 1020 2484; x_wconf 88' lang='lat' dir='ltr'>Cui</span> <span class='ocrx_word' id='word_1_141' title='bbox 1048 2409 1170 2488; x_wconf 70' lang='lat' dir='ltr'>acerbe</span> 
     </span>
     <span class='ocr_line' id='line_1_23' title="bbox 135 2506 1170 2606; baseline 0.007 -26"><span class='ocrx_word' id='word_1_142' title='bbox 135 2517 398 2589; x_wconf 82' lang='lat' dir='ltr'>Demosthenes:</span> <span class='ocrx_word' id='word_1_143' title='bbox 421 2512 725 2604; x_wconf 70' lang='lat' dir='ltr'>Oritavto&#39;t&#39;peio</span> <span class='ocrx_word' id='word_1_144' title='bbox 761 2517 838 2606; x_wconf 82' lang='grc' dir='ltr'><strong><em>ἐμοὶ</em></strong></span> <span class='ocrx_word' id='word_1_145' title='bbox 864 2521 1013 2603; x_wconf 79' lang='lat' dir='ltr'>antinoi,</span> <span class='ocrx_word' id='word_1_146' title='bbox 1048 2506 1170 2587; x_wconf 75' lang='lat' dir='ltr'>uiliu-</span> 
     </span>
     <span class='ocr_line' id='line_1_24' title="bbox 136 2608 1171 2712; baseline 0.002 -35"><span class='ocrx_word' id='word_1_147' title='bbox 136 2608 224 2694; x_wconf 73' lang='grc' dir='ltr'><em>θέα,</em></span> <span class='ocrx_word' id='word_1_148' title='bbox 251 2614 272 2677; x_wconf 85' lang='lat' dir='ltr'>n‘</span> <span class='ocrx_word' id='word_1_149' title='bbox 297 2611 421 2701; x_wconf 61' lang='grc' dir='ltr'><em>λύχνος</em></span> <span class='ocrx_word' id='word_1_150' title='bbox 446 2616 588 2686; x_wconf 81' lang='grc' dir='ltr'><em>σύνοιδε.</em></span> <span class='ocrx_word' id='word_1_151' title='bbox 609 2619 698 2686; x_wconf 79' lang='lat' dir='ltr'>Plut</span> <span class='ocrx_word' id='word_1_152' title='bbox 717 2621 813 2684; x_wconf 84' lang='lat' dir='ltr'>Deru.</span> <span class='ocrx_word' id='word_1_153' title='bbox 826 2638 854 2681; x_wconf 89' lang='lat' dir='ltr'>c.</span> <span class='ocrx_word' id='word_1_154' title='bbox 870 2624 905 2694; x_wconf 76' lang='grc' dir='ltr'>8.Ι</span> <span class='ocrx_word' id='word_1_155' title='bbox 923 2618 1103 2712; x_wconf 73' lang='lat' dir='ltr'>Premente</span> <span class='ocrx_word' id='word_1_156' title='bbox 1115 2642 1171 2681; x_wconf 89' lang='lat' dir='ltr'>au-</span> 
     </span>
     <span class='ocr_line' id='line_1_25' title="bbox 121 2707 1203 2790; baseline -0.002 -18"><span class='ocrx_word' id='word_1_157' title='bbox 121 2722 202 2772; x_wconf 74' lang='lat' dir='ltr'>tem</span> <span class='ocrx_word' id='word_1_158' title='bbox 233 2707 341 2769; x_wconf 80' lang='lat' dir='ltr'>subita</span> <span class='ocrx_word' id='word_1_159' title='bbox 373 2710 573 2771; x_wconf 73' lang='lat' dir='ltr'>necessitate</span> <span class='ocrx_word' id='word_1_160' title='bbox 605 2708 704 2773; x_wconf 84' lang='lat' dir='ltr'>etiam</span> <span class='ocrx_word' id='word_1_161' title='bbox 728 2709 907 2788; x_wconf 87' lang='lat' dir='ltr'>imparatus</span> <span class='ocrx_word' id='word_1_162' title='bbox 931 2707 1170 2772; x_wconf 86' lang='lat' dir='ltr'>addicendum</span> <span class='ocrx_word' id='word_1_163' title='bbox 1199 2784 1203 2790; x_wconf 20' lang='grc' dir='ltr'>ἱ</span> 
     </span>
     <span class='ocr_line' id='line_1_26' title="bbox 133 2791 1257 2882; baseline 0.002 -27"><span class='ocrx_word' id='word_1_164' title='bbox 133 2814 313 2876; x_wconf 76' lang='lat' dir='ltr'>aggressus</span> <span class='ocrx_word' id='word_1_165' title='bbox 338 2806 398 2867; x_wconf 89' lang='lat' dir='ltr'>est,</span> <span class='ocrx_word' id='word_1_166' title='bbox 422 2812 587 2876; x_wconf 73' lang='lat' dir='ltr'>prospero</span> <span class='ocrx_word' id='word_1_167' title='bbox 612 2791 742 2877; x_wconf 85' lang='lat' dir='ltr'>quidem</span> <span class='ocrx_word' id='word_1_168' title='bbox 766 2811 932 2852; x_wconf 84' lang='lat' dir='ltr'>successu.</span> <span class='ocrx_word' id='word_1_169' title='bbox 977 2792 1090 2882; x_wconf 82' lang='lat' dir='ltr'>Quare</span> <span class='ocrx_word' id='word_1_170' title='bbox 1106 2799 1172 2858; x_wconf 81' lang='lat' dir='ltr'>Ae·</span> <span class='ocrx_word' id='word_1_171' title='bbox 1253 2791 1257 2800; x_wconf 49' lang='lat'>⁸</span> 
     </span>
     <span class='ocr_line' id='line_1_27' title="bbox 135 2877 1273 2955; baseline 0.003 -17"><span class='ocrx_word' id='word_1_172' title='bbox 135 2879 265 2938; x_wconf 86' lang='lat' dir='ltr'>schiues</span> <span class='ocrx_word' id='word_1_173' title='bbox 293 2898 418 2938; x_wconf 84' lang='lat' dir='ltr'>summa</span> <span class='ocrx_word' id='word_1_174' title='bbox 441 2880 577 2941; x_wconf 86' lang='lat' dir='ltr'>audacia</span> <span class='ocrx_word' id='word_1_175' title='bbox 592 2877 852 2937; x_wconf 76' lang='lat' dir='ltr'>Demosthenem</span> <span class='ocrx_word' id='word_1_176' title='bbox 877 2891 1036 2939; x_wconf 79' lang='lat' dir='ltr'>armatum</span> <span class='ocrx_word' id='word_1_177' title='bbox 1048 2879 1171 2943; x_wconf 65' lang='lat' dir='ltr'>„fuisse</span> <span class='ocrx_word' id='word_1_178' title='bbox 1200 2889 1202 2893; x_wconf 83' lang='grc'><strong>’</strong></span> <span class='ocrx_word' id='word_1_179' title='bbox 1269 2950 1273 2955; x_wconf 48' lang='grc'><strong>,</strong></span> 
     </span>
    </p>

    <p class='ocr_par' dir='ltr' id='par_1_7' title="bbox 47 2952 1173 3214">
     <span class='ocr_line' id='line_1_28' title="bbox 47 2952 1170 3044; baseline 0.005 -24"><span class='ocrx_word' id='word_1_180' title='bbox 47 3034 52 3039; x_wconf 91' lang='lat'>.</span> <span class='ocrx_word' id='word_1_181' title='bbox 137 2961 183 3038; x_wconf 84' lang='lat' dir='ltr'>(o.</span> <span class='ocrx_word' id='word_1_182' title='bbox 209 2960 354 3042; x_wconf 84' lang='lat' dir='ltr'>Ctesiph,</span> <span class='ocrx_word' id='word_1_183' title='bbox 374 2964 412 3028; x_wconf 80' lang='grc' dir='ltr'>Τ.</span> <span class='ocrx_word' id='word_1_184' title='bbox 437 2962 496 3035; x_wconf 86' lang='grc' dir='ltr'>ΙΙΙ,</span> <span class='ocrx_word' id='word_1_185' title='bbox 516 2986 549 3044; x_wconf 80' lang='lat' dir='ltr'>p,</span> <span class='ocrx_word' id='word_1_186' title='bbox 573 2961 703 3042; x_wconf 74' lang='lat' dir='ltr'>stou.)</span> <span class='ocrx_word' id='word_1_187' title='bbox 727 2974 861 3038; x_wconf 72' lang='lat' dir='ltr'>narrat,</span> <span class='ocrx_word' id='word_1_188' title='bbox 886 2952 1170 3043; x_wconf 85' lang='lat' dir='ltr'>PytlioniByzau·</span> 
     </span>
     <span class='ocr_line' id='line_1_29' title="bbox 135 3044 1173 3130; baseline 0.006 -26"><span class='ocrx_word' id='word_1_189' title='bbox 135 3044 195 3117; x_wconf 87' lang='lat' dir='ltr'>tio,</span> <span class='ocrx_word' id='word_1_190' title='bbox 221 3045 439 3106; x_wconf 77' lang='lat' dir='ltr'>Athenienses</span> <span class='ocrx_word' id='word_1_191' title='bbox 462 3044 595 3127; x_wconf 84' lang='lat' dir='ltr'>probris</span> <span class='ocrx_word' id='word_1_192' title='bbox 619 3044 763 3118; x_wconf 83' lang='lat' dir='ltr'>vexanti,</span> <span class='ocrx_word' id='word_1_193' title='bbox 782 3044 873 3105; x_wconf 88' lang='lat' dir='ltr'>solus</span> <span class='ocrx_word' id='word_1_194' title='bbox 890 3046 1012 3107; x_wconf 86' lang='lat' dir='ltr'>Noster</span> <span class='ocrx_word' id='word_1_195' title='bbox 1032 3069 1173 3130; x_wconf 86' lang='lat' dir='ltr'>respon·</span> 
     </span>
     <span class='ocr_line' id='line_1_30' title="bbox 135 3128 1168 3214; baseline 0 -27"><span class='ocrx_word' id='word_1_196' title='bbox 135 3128 184 3187; x_wconf 89' lang='lat' dir='ltr'>dit</span> <span class='ocrx_word' id='word_1_197' title='bbox 208 3130 254 3204; x_wconf 84' lang='lat' dir='ltr'>(v.</span> <span class='ocrx_word' id='word_1_198' title='bbox 277 3130 318 3187; x_wconf 89' lang='lat' dir='ltr'>de</span> <span class='ocrx_word' id='word_1_199' title='bbox 341 3148 476 3204; x_wconf 88' lang='lat' dir='ltr'>corona,</span> <span class='ocrx_word' id='word_1_200' title='bbox 499 3154 530 3212; x_wconf 87' lang='lat' dir='ltr'>p.</span> <span class='ocrx_word' id='word_1_201' title='bbox 553 3128 654 3205; x_wconf 50' lang='lat'>2723</span> <span class='ocrx_word' id='word_1_202' title='bbox 678 3129 837 3188; x_wconf 73' lang='lat' dir='ltr'>adversus</span> <span class='ocrx_word' id='word_1_203' title='bbox 857 3129 1168 3214; x_wconf 74' lang='lat' dir='ltr'>Lamaehum&#39;Myr.</span> 
     </span>
    </p>

    <p class='ocr_par' dir='ltr' id='par_1_8' title="bbox 69 3211 1197 3464">
     <span class='ocr_line' id='line_1_31' title="bbox 69 3211 1172 3295; baseline 0.005 -21"><span class='ocrx_word' id='word_1_204' title='bbox 69 3227 73 3233; x_wconf 84' lang='lat'>&#39;</span> <span class='ocrx_word' id='word_1_205' title='bbox 131 3211 318 3286; x_wconf 81' lang='lat' dir='ltr'>rhinaeum,</span> <span class='ocrx_word' id='word_1_206' title='bbox 343 3213 515 3295; x_wconf 82' lang='lat' dir='ltr'>Olympiae</span> <span class='ocrx_word' id='word_1_207' title='bbox 539 3211 692 3275; x_wconf 73' lang='lat' dir='ltr'>anniversa</span> <span class='ocrx_word' id='word_1_208' title='bbox 712 3212 853 3275; x_wconf 88' lang='lat' dir='ltr'>Graecia</span> <span class='ocrx_word' id='word_1_209' title='bbox 877 3212 1031 3277; x_wconf 82' lang='lat' dir='ltr'>audiente</span> <span class='ocrx_word' id='word_1_210' title='bbox 1057 3217 1172 3281; x_wconf 84' lang='lat' dir='ltr'>laudes</span> 
     </span>
     <span class='ocr_line' id='line_1_32' title="bbox 130 3294 1197 3380; baseline 0.004 -21"><span class='ocrx_word' id='word_1_211' title='bbox 130 3296 278 3378; x_wconf 78' lang='lat' dir='ltr'>Philippi</span> <span class='ocrx_word' id='word_1_212' title='bbox 303 3309 337 3357; x_wconf 88' lang='lat' dir='ltr'>et</span> <span class='ocrx_word' id='word_1_213' title='bbox 361 3298 543 3361; x_wconf 78' lang='lat' dir='ltr'>Alexandri·</span> <span class='ocrx_word' id='word_1_214' title='bbox 562 3295 771 3370; x_wconf 82' lang='lat' dir='ltr'>recitantem,</span> <span class='ocrx_word' id='word_1_215' title='bbox 803 3294 973 3380; x_wconf 72' lang='lat' dir='ltr'>intuitoque</span> <span class='ocrx_word' id='word_1_216' title='bbox 996 3301 1197 3363; x_wconf 64' lang='lat' dir='ltr'>&#39;l&#39;hebanetr</span> 
     </span>
     <span class='ocr_line' id='line_1_33' title="bbox 133 3380 1171 3464; baseline 0.005 -22"><span class='ocrx_word' id='word_1_217' title='bbox 133 3396 167 3442; x_wconf 92' lang='lat' dir='ltr'>et</span> <span class='ocrx_word' id='word_1_218' title='bbox 192 3380 370 3462; x_wconf 77' lang='lat' dir='ltr'>Oiyuthios</span> <span class='ocrx_word' id='word_1_219' title='bbox 393 3380 575 3464; x_wconf 83' lang='lat' dir='ltr'>ignominia</span> <span class='ocrx_word' id='word_1_220' title='bbox 593 3380 806 3453; x_wconf 80' lang='lat' dir='ltr'>afficientem,</span> <span class='ocrx_word' id='word_1_221' title='bbox 830 3380 885 3440; x_wconf 84' lang='lat' dir='ltr'>has</span> <span class='ocrx_word' id='word_1_222' title='bbox 905 3382 1055 3445; x_wconf 86' lang='lat' dir='ltr'>civitates</span> <span class='ocrx_word' id='word_1_223' title='bbox 1079 3387 1171 3447; x_wconf 78' lang='lat' dir='ltr'>solus</span> 
     </span>
    </p>

    <p class='ocr_par' dir='ltr' id='par_1_9' title="bbox 68 3462 1213 3732">
     <span class='ocr_line' id='line_1_34' title="bbox 68 3462 1174 3549; baseline 0.007 -25"><span class='ocrx_word' id='word_1_224' title='bbox 68 3491 97 3537; x_wconf 75' lang='lat'>&#39;.</span> <span class='ocrx_word' id='word_1_225' title='bbox 134 3465 284 3526; x_wconf 82' lang='lat' dir='ltr'>defendit</span> <span class='ocrx_word' id='word_1_226' title='bbox 308 3479 342 3526; x_wconf 89' lang='lat' dir='ltr'>et</span> <span class='ocrx_word' id='word_1_227' title='bbox 367 3482 488 3549; x_wconf 84' lang='lat' dir='ltr'>quanta</span> <span class='ocrx_word' id='word_1_228' title='bbox 509 3464 857 3528; x_wconf 74' lang='lat' dir='ltr'>fuerit&#39;l&#39;hehanorum</span> <span class='ocrx_word' id='word_1_229' title='bbox 882 3464 914 3526; x_wconf 90' lang='lat' dir='ltr'>iu</span> <span class='ocrx_word' id='word_1_230' title='bbox 939 3487 1052 3528; x_wconf 88' lang='lat' dir='ltr'>omnes</span> <span class='ocrx_word' id='word_1_231' title='bbox 1067 3462 1174 3532; x_wconf 83' lang='lat' dir='ltr'>Grae·</span> 
     </span>
     <span class='ocr_line' id='line_1_35' title="bbox 135 3540 1173 3633; baseline 0.012 -27"><span class='ocrx_word' id='word_1_232' title='bbox 135 3566 191 3606; x_wconf 92' lang='lat' dir='ltr'>eos</span> <span class='ocrx_word' id='word_1_233' title='bbox 225 3540 420 3611; x_wconf 82' lang='lat' dir='ltr'>moritorum</span> <span class='ocrx_word' id='word_1_234' title='bbox 452 3549 644 3633; x_wconf 80' lang='lat' dir='ltr'>magnitude</span> <span class='ocrx_word' id='word_1_235' title='bbox 670 3561 760 3611; x_wconf 75' lang='lat' dir='ltr'>tanta</span> <span class='ocrx_word' id='word_1_236' title='bbox 790 3549 823 3610; x_wconf 87' lang='lat' dir='ltr'>vi</span> <span class='ocrx_word' id='word_1_237' title='bbox 852 3548 1103 3628; x_wconf 75' lang='lat' dir='ltr'>demonstrarit,</span> <span class='ocrx_word' id='word_1_238' title='bbox 1136 3569 1173 3618; x_wconf 86' lang='lat' dir='ltr'>ut</span> 
     </span>
     <span class='ocr_line' id='line_1_36' title="bbox 134 3625 1213 3732; baseline 0.009 -43"><span class='ocrx_word' id='word_1_239' title='bbox 134 3629 263 3691; x_wconf 82' lang='lat' dir='ltr'>invidu&#39;s</span> <span class='ocrx_word' id='word_1_240' title='bbox 284 3633 343 3695; x_wconf 83' lang='lat' dir='ltr'>itte</span> <span class='ocrx_word' id='word_1_241' title='bbox 366 3630 488 3696; x_wconf 79' lang='lat' dir='ltr'>eorunt</span> <span class='ocrx_word' id='word_1_242' title='bbox 504 3638 712 3696; x_wconf 85' lang='lat' dir='ltr'>obtrectator</span> <span class='ocrx_word' id='word_1_243' title='bbox 729 3634 815 3699; x_wconf 84' lang='lat' dir='ltr'>clam</span> <span class='ocrx_word' id='word_1_244' title='bbox 831 3625 1013 3716; x_wconf 63' lang='lat' dir='ltr'>effugeret</span> <span class='ocrx_word' id='word_1_245' title='bbox 1023 3671 1064 3683; x_wconf 89' lang='lat'><em>—</em></span> <span class='ocrx_word' id='word_1_246' title='bbox 1078 3640 1173 3732; x_wconf 80' lang='lat' dir='ltr'>Quae</span> <span class='ocrx_word' id='word_1_247' title='bbox 1210 3659 1213 3669; x_wconf 73' lang='lat'>¹</span> 
     </span>
    </p>
   </div>
   <div class='ocr_carea' id='block_1_6' title="bbox 130 3715 1169 3880">
    <p class='ocr_par' dir='ltr' id='par_1_10' title="bbox 130 3715 1169 3880">
     <span class='ocr_line' id='line_1_37' title="bbox 130 3715 1169 3863; baseline 0.013 -91"><span class='ocrx_word' id='word_1_248' title='bbox 130 3715 378 3863; x_wconf 52' lang='lat' dir='ltr'>{pepiosthbenes</span> <span class='ocrx_word' id='word_1_249' title='bbox 400 3719 472 3801; x_wconf 89' lang='lat' dir='ltr'>ipse</span> <span class='ocrx_word' id='word_1_250' title='bbox 496 3719 538 3781; x_wconf 88' lang='lat' dir='ltr'>de</span> <span class='ocrx_word' id='word_1_251' title='bbox 561 3720 622 3779; x_wconf 88' lang='lat' dir='ltr'>hac</span> <span class='ocrx_word' id='word_1_252' title='bbox 645 3739 683 3778; x_wconf 90' lang='lat' dir='ltr'>re</span> <span class='ocrx_word' id='word_1_253' title='bbox 705 3716 862 3794; x_wconf 78' lang='lat' dir='ltr'>suaserit,</span> <span class='ocrx_word' id='word_1_254' title='bbox 888 3719 982 3805; x_wconf 82' lang='lat' dir='ltr'>legas</span> <span class='ocrx_word' id='word_1_255' title='bbox 1004 3742 1038 3780; x_wconf 85' lang='lat' dir='ltr'>ru</span> <span class='ocrx_word' id='word_1_256' title='bbox 1061 3742 1111 3791; x_wconf 84' lang='lat' dir='ltr'>er.</span> <span class='ocrx_word' id='word_1_257' title='bbox 1139 3743 1169 3792; x_wconf 84' lang='lat' dir='ltr'>c.</span> 
     </span>
     <span class='ocr_line' id='line_1_38' title="bbox 170 3803 1143 3880; baseline 0.014 -18"><span class='ocrx_word' id='word_1_258' title='bbox 170 3819 180 3856; x_wconf 86' lang='lat'><em>1</em></span> <span class='ocrx_word' id='word_1_259' title='bbox 204 3847 213 3864; x_wconf 86' lang='lat'><strong>.</strong></span> <span class='ocrx_word' id='word_1_260' title='bbox 235 3821 266 3880; x_wconf 88' lang='lat' dir='ltr'>p.</span> <span class='ocrx_word' id='word_1_261' title='bbox 310 3803 360 3864; x_wconf 80' lang='grc'>76.</span> <span class='ocrx_word' id='word_1_262' title='bbox 374 3837 416 3868; x_wconf 90' lang='grc'>-,-</span> <span class='ocrx_word' id='word_1_263' title='bbox 659 3826 661 3830; x_wconf 90' lang='grc'><em>·</em></span> <span class='ocrx_word' id='word_1_264' title='bbox 1138 3834 1143 3845; x_wconf 82' lang='grc'><em>’</em></span> 
     </span>
    </p>
   </div>
   <div class='ocr_carea' id='block_1_7' title="bbox 129 3910 1262 4151">
    <p class='ocr_par' dir='ltr' id='par_1_11' title="bbox 129 3910 1262 4151">
     <span class='ocr_line' id='line_1_39' title="bbox 215 3910 1169 4002; baseline 0.004 -29"><span class='ocrx_word' id='word_1_265' title='bbox 215 3911 272 3986; x_wconf 85' lang='grc'>28)</span> <span class='ocrx_word' id='word_1_266' title='bbox 296 3910 457 3973; x_wconf 85' lang='lat' dir='ltr'>Pietatem</span> <span class='ocrx_word' id='word_1_267' title='bbox 475 3925 574 3995; x_wconf 82' lang='lat' dir='ltr'>atque</span> <span class='ocrx_word' id='word_1_268' title='bbox 591 3913 800 3995; x_wconf 78' lang='lat' dir='ltr'>prudentiam</span> <span class='ocrx_word' id='word_1_269' title='bbox 818 3916 1169 4002; x_wconf 71' lang='lat' dir='ltr'>[lentosthenissaepe</span> 
     </span>
     <span class='ocr_line' id='line_1_40' title="bbox 129 3991 1262 4084; baseline 0.008 -28"><span class='ocrx_word' id='word_1_270' title='bbox 129 3994 357 4076; x_wconf 81' lang='lat' dir='ltr'>observamus,</span> <span class='ocrx_word' id='word_1_271' title='bbox 379 3997 407 4058; x_wconf 89' lang='lat' dir='ltr'>si</span> <span class='ocrx_word' id='word_1_272' title='bbox 437 3997 564 4061; x_wconf 85' lang='lat' dir='ltr'>Orator</span> <span class='ocrx_word' id='word_1_273' title='bbox 586 3998 783 4061; x_wconf 80' lang='lat' dir='ltr'>industriam</span> <span class='ocrx_word' id='word_1_274' title='bbox 808 3999 928 4061; x_wconf 87' lang='lat' dir='ltr'>civium</span> <span class='ocrx_word' id='word_1_275' title='bbox 956 3991 1030 4062; x_wconf 73' lang='lat' dir='ltr'>e&#39;una</span> <span class='ocrx_word' id='word_1_276' title='bbox 1051 4003 1170 4084; x_wconf 75' lang='lat' dir='ltr'>favore</span> <span class='ocrx_word' id='word_1_277' title='bbox 1259 4045 1262 4051; x_wconf 89' lang='lat'>-</span> 
     </span>
     <span class='ocr_line' id='line_1_41' title="bbox 912 4090 1119 4151; baseline 0.005 -1"><span class='ocrx_word' id='word_1_278' title='bbox 912 4090 931 4150; x_wconf 81' lang='lat'><strong>3</strong></span> <span class='ocrx_word' id='word_1_279' title='bbox 1114 4123 1119 4151; x_wconf 82' lang='lat' dir='ltr'>t</span> 
     </span>
    </p>
   </div>
   <div class='ocr_carea' id='block_1_8' title="bbox 0 0 1286 4724">
    <p class='ocr_par' dir='ltr' id='par_1_12' title="bbox 0 0 1286 4724">
     <span class='ocr_line' id='line_1_42' title="bbox 0 0 1286 4724; baseline 0 2"><span class='ocrx_word' id='word_1_280' title='bbox 0 0 1286 4724; x_wconf 95' lang='lat' dir='ltr'> </span> 
     </span>
    </p>
   </div>
  </div>
 </body>
</html>
