2564 4724
560 280 906 354 -502-

139 477 506 566 ’1011111111101911111
541 504 634 570 esse,
658 498 760 579 post
789 502 885 556 vero
911 480 1080 578 negasse,
1118 484 1229 554 testi·

147 580 291 656 moniis
314 579 511 675 probae).
555 650 565 659 .
871 662 873 666 ,
978 634 984 644 -
1181 628 1217 651 -.

227 685 285 754 33.
310 682 378 775 34.
416 678 621 758 Orationes
656 682 709 754 in
749 679 1023 758 Onetorem
1057 679 1155 755 le't
1193 683 1226 761 Il

148 782 252 877 (racd
292 780 485 876 Ὀνήτορος
516 781 541 851 α’
579 777 637 854 καὶ
670 782 773 880 W).
841 781 1023 881 Aphobus
1058 782 1229 863 maritus

146 883 227 959 fuit
251 884 392 957 'sororis
406 879 607 978 Onetoris,
628 882 698 1056 qhni
717 879 825 956 hona
839 884 947 958 illius
970 885 1112 956 sororis
1131 892 1228 959 suae

145 1007 230 1058 esse
255 997 415 1082 propter
439 982 574 1058 dotem
589 991 644 1081 Ap
674 982 750 1084 olio
778 983 908 1058 datam
933 982 1128 1059 dixerat‘.
1146 982 1226 1071 De-

146 1083 368 1162 mosthenes
395 1097 540 1173 antem,
566 1083 773 1183 Aphobum
785 1082 928 1184 'neque
945 1086 1075 1157 statim
1090 1088 1226 1182 anup-

43 1178 50 1203 '
135 1186 224 1272 tiis,
249 1206 299 1256 ne
357 1183 658 1284 epostmodum
679 1178 814 1258 dotem
842 1186 1032 1283 accepisse
1057 1180 1219 1281 demon-

146 1299 251 1359 strat.
302 1207 411 1374 dinae
449 1285 733 1360 contradixerat
770 1281 945 1374 Onetor,
974 1287 1094 1358 altera
1134 1310 1218 1363 ora-

145 1386 253 1459 tione
279 1399 413 1463 auctor
440 1390 521 1474 ejus
546 1385 745 1476 refutat5).
857 1391 859 1398 '
896 1380 898 1386 ’
1004 1457 1006 1463 ,
1212 1472 1215 1477 ,

119 1520 123 1539 =
223 1484 270 1558 35
309 1482 399 1580 (24).
435 1484 528 1559 Ρ1·ο
556 1484 892 1586 Phormione,
941 1484 1220 1585 excep'tioss)

75 1607 79 1611 ·
145 1586 382 1682 (παραγραφὴ
409 1585 499 1672 ὑπὲρ
516 1583 760 1681 doemone).
812 1586 997 1661 Phormio
1010 1588 1117 1680 tritor
1131 1585 1224 1660 fue.

78 1709 81 1721 '
128 1683 390 1781 ,ratPasiclis
417 1682 589 1759 Pasionis
606 1685 647 1775 f,
665 1685 920 1761 Atheniensis,
972 1687 1128 1762 Pasiclis
1152 1715 1222 1762 an-

143 1803 228 1862 tem
253 1783 386 1872 frater,
428 1782 700 1883 Apollodorus,
732 1786 1011 1861 Phormionem
1033 1782 1225 1868 'nnmmm

58 1898 60 1903 ⁴
142 1910 236 1961 rum
270 1905 567 1982 suppresseram
601 1890 803 1962 accusavit.
855 1888 999 1976 Arbitri
1032 1889 1224 1966 condem..

142 1999 256 2061 natus
284 1983 447 2067 arbitrio
480 1988 579 2061 5000
603 1987 805 2062 drachmas
823 1987 1072 2089 ,Apollodoro
1108 1995 1241 2083 resti&

42 2124 44 2135 .
124 2087 220 2162 'tuit
255 2083 452 2158 Phormio,
511 2085 775 2161 Nihilominus
819 2111 914 2162 vero
958 2090 1221 2187 Apollodorus

125 2188 260 2263 'illum
292 2185 433 2284 ,paulo
446 2200 534 2283 post
565 2186 711 2262 iterrim
738 2188 781 2262 in
810 2187 1004 2280 judicium
1038 2193 1196 2264 vocavit
1203 2223 1221 2280 3

142 2302 182 2362 at
204 2283 486 2360 Demosthenes
520 2309 635 2360 reum
651 2287 740 2360 hac
767 2291 913 2387 optima
945 2287 1118 2360 oratione
1145 2281 1217 2359 de.

52 2444 57 2451 ·
142 2385 283 2474 fendit,
300 2382 473 2458 redditis
498 2385 577 2459 illis
605 2389 702 2463 5000
723 2388 782 2462 dr.
807 2386 992 2479 transacta
1018 2409 1099 2460 esse
1125 2411 1213 2462 om·

140 2487 246 2583 niat)
271 2484 549 2580 demonstrans.
649 2543 653 2549 .
828 2548 831 2553 .
861 2550 871 2560 .
1024 2526 1033 2593 4

29 2680 31 2685 '
139 2681 530 2704 m-

265 2829 302 2905 3)
324 2831 353 2889 Α
373 2826 599 2888 Demosthene
623 2826 778 2888 traditum
802 2825 843 2887 ad
864 2829 1028 2884 tormenta
1051 2824 1134 2906 Aph.
1153 2816 1218 2885 ae.'

182 2910 297 2995 cipere
318 2910 426 2972 noluit
448 2931 643 2995 quemquam
664 2931 800 2971 suorum
820 2906 1052 2991 reliquorum,
1065 2910 1239 2993 quamvis.

182 2998 217 3058 hi
241 2995 332 3059 servi
354 2994 473 3056 melius
494 2995 603 3057 omnia
627 3008 774 3067 nossent,
799 3014 894 3076 quam
916 2992 1042 3071 Milyas.
1070 3028 1112 3039 —
1174 2995 1215 3070 4)

58 3118 63 3127 .
120 3126 147 3137 ..
182 3079 222 3140 In
246 3078 366 3160 spuriis
389 3099 442 3140 eas
461 3092 556 3140 recte
578 3099 705 3162 ponere
729 3079 862 3140 videtur
885 3072 1072 3137 Boechhi'us
1087 3077 1109 3137 l.
1128 3095 1216 3140 e.—

164 3167 218 3245 ·5)
241 3164 285 3225 ef.
306 3163 395 3225 Plut.
416 3164 515 3224 Dem.
542 3163 568 3240 l,
585 3182 622 3246 p.‘
641 3165 702 3228 848
725 3162 761 3230 G.

172 3372 174 3377 ,
265 3303 302 3380 6)
325 3306 385 3365 De
406 3308 599 3386 exceptionibus
625 3296 738 3393 (λόγοι
764 3305 1042 3394 reparandarum)
1073 3325 1099 3367 s.
1130 3323 1216 3368 oon·

64 3454 67 3459 ,
181 3392 406 3463 stitutionibus
437 3396 639 3462 translativis
672 3400 741 3464 cic.
774 3399 816 3458 de
845 3399 914 3459 inv.
946 3399 973 3472 I,
996 3421 1029 3478 p.
1054 3405 1093 3464 8:
1123 3400 1214 3465 'Cum

181 3498 296 3542 caussa
318 3498 359 3540 ex
386 3474 426 3541 eo
448 3481 583 3562 pendet,
609 3482 698 3568 quod
722 3502 790 3543 non
812 3495 867 3542 aut
889 3481 916 3539 is
939 3501 1040 3562 agere
1062 3479 1212 3562 videtur,

181 3582 280 3648 quem
302 3577 446 3646 oportet,
470 3578 611 3627 autnon
633 3566 717 3650 apud
741 3586 835 3650 quoe,
860 3583 925 3648 quo
949 3577 1111 3660 ternpore,
1143 3590 1236 3652 qua-

151 3650 269 3729 .lege‚
299 3668 363 3730 quo
386 3648 536 3722 erimine,
560 3672 625 3735 qua
644 3670 752 3732 poena
773 3648 927 3730 oportet,¹
942 3651 1138 3712 translativa
1159 3653 1213 3713 di·

117 3743 121 3750 '
178 3733 265 3795 citur
282 3732 487 3818 mustitano,
511 3734 585 3817 quia
607 3733 693 3796 actio
707 3730 942 3799 ,translationis
965 3744 1000 3794 et
1029 3750 1212 3801 commuta-

99 3832 114 3909 s
158 3813 274 3894 ⁰tionis
295 3814 448 3900 indigere
469 3816 602 3882 videtur
625 3832 689 3881 etc.
711 3851 754 3864 -
918 3832 922 3838 '
1147 3816 1151 3820 ⁴

262 3976 299 4056 7)
310 3975 407 4045 ‘Plut
422 3976 520 4042 Dem.
541 3993 571 4038 e.
587 3978 628 4042 15
649 3971 720 4037 init.
747 3962 897 4056 Λέγεται
925 3965 964 4040 δὲ
993 3970 1062 4050 καὶ,
1085 3973 1209 4068 inquit,
1245 3986 1250 4001 ‘

49 4061 56 4074 ’
175 4065 239 4138 τόν
265 4071 356 4144 rard
404 4065 578 4166 Τιμυθὲου
604 4076 666 4140 τοῦ
700 4075 891 4166 στρατηγοῦ
924 4066 1040 4157 λόγον,
1068 4064 1098 4138 ὦ
1123 4099 1209 4174 χρη.
