2564 4724
427 254 454 397 .’
526 257 859 405 ...ni

138 454 292 571 oratore
309 495 539 594 impugnata
558 493 693 592 est18).
733 488 793 569 Ol
817 469 929 585 CXII,
957 497 978 567 3
1007 468 1225 576 Aeschines!
1254 552 1259 559 -

136 598 357 670 orationem
382 621 495 669 suam
520 610 656 667 contra
681 590 986 694 Ctesiphontem,
1018 620 1123 696 quae
1155 601 1215 676 ad-

20 736 22 743 ·
86 738 90 745 <
135 697 284 773 hucin
299 695 484 770 manibus
504 709 572 783 est,
598 691 749 784 hahuit,
778 697 999 797 eodemque
1017 723 1124 772 anno
1145 699 1208 775 Do
1279 712 1282 740 ¹

44 792 69 888 f
137 797 368 885 mosthenes
390 797 564 872 amicum
596 811 642 868 et'
661 820 746 868 sese
780 796 925 895 ipsum,
953 802 1063 889 cujus
1088 801 1215 877 vitan

136 912 178 972 et
200 897 403 999 publicani
436 911 476 969 et
507 897 700 995 privatam
732 896 940 971 Aeschines
976 899 1219 996 gravissimis

135 998 390 1073 contumeliis
426 996 603 1093 laeserat,
644 996 718 1070 hac
751 997 833 1097 ipsa
860 998 921 1082 de
956 1023 1104 1089 corona
1131 1029 1219 1078 ora·
1261 1066 1264 1079 .

134 1099 247 1174 tione
282 1096 541 1172 celeberrima
580 1095 770 1172 defendit.
823 1094 1009 1185 Caussam
1046 1101 1146 1176 vicit
1178 1120 1221 1179 et

135 1199 353 1276 Aeschines·
373 1199 489 1272 cessit
514 1197 749 1292 Athenisw).
847 1194 849 1201 ’
976 1290 980 1300 .
1091 1230 1095 1241 ¹

160 1358 165 1366 .
214 1327 247 1376 c.
273 1299 342 1373 De
367 1297 572 1396 legibus
604 1300 871 1396 neglectis.

212 1408 273 1479 23.
303 1402 379 1478 24.
425 1396 637 1474 Orationes
678 1401 727 1474 in
769 1398 1219 1499 Aristogitoneml
1281 1451 1282 1470 .

135 1517 187 1586 et
220 1501 259 1579 II
287 1497 394 1598 (tarci
426 1499 709 1591 Αριστογείτονος
742 1502 848 1591 λόγος
879 1502 905 1572 α’
948 1509 1007 1574 καὶ
1037 1501 1111 1598 ff)
1162 1506 1216 1594 Τῷ

131 1608 293 1701 Ιδημρσῐῳ
329 1598 693 1685 dehere-convicto
726 1601 770 1673 in
800 1616 1028 1698 suggestum
1053 1602 1217 1702 prodire

134 1719 179 1779 et
205 1727 341 1778 coram·
374 1701 523 1800 populo
556 1699 693 1791 dicere
721 1726 801 1774 non
833 1701 956 1778 licuit.
1005 1702 1225 1803 Aristogito'

134 1827 245 1891 vern,
268 1802 407 1876 rhetor
432 1799 529 1890 Ath,
567 1800 841 1875 Demosthenis
865 1803 909 1875 in
940 1827 1021 1902 rep.
1048 1802 1213 1882 admini-

130 1902 292 1999 stranda
344 1901 603 1992 adversarius,
649 1901 749 1976 hanc
777 1906 781 1912 ’
802 1903 934 2000 legem
954 1905 1216 2000 ‘neglexerat

137 2000 266 2100 Quare
279 2003 481 2100 Lycurgus
501 2016 542 2074 et
553 2001 838 2076 Demosthenes
860 2004 956 2078 euin
973 2023 1218 2102 accusarunt,

26 2132 31 2141 ·
117 2129 312 2209 vtpronrm
337 2104 446 2199 illius
473 2101 638 2202 quidem
665 2104 792 2177 oratio
818 2101 1022 2204 deperdita
1047 2122 1117 2193 est,
1145 2107 1227 2182 hu·-

21 2288 28 2311 „
136 2210 199 2303 jus
215 2200 314 2280 sero
335 2204 437 2280 duae
452 2203 579 2278 adhuc
592 2205 635 2279 iu
646 2202 828 2295 manibus
844 2229 929 2280 esse
952 2205 1221 2308 dicrmtur20).

58 2530 63 2538 ’
178 2515 233 2590 Χ,
256 2507 346 2587 xlv,
368 2521 405 2599 et
422 2510 456 2578 h.
479 2530 510 2579 c.
531 2521 584 2581 nr,
606 2513 659 2578 29.
672 2530 715 2562 -'-⁴-
776 2513 833 2591 18)
853 2514 1000 2600 Legibus
1021 2539 1220 2604 repugnare

174 2596 390 2681 rogationem
412 2595 635 2678 Ctesiphontis
658 2595 749 2674 dixit,
783 2598 840 2684 qui
859 2603 1078 2665 Demostheni
1108 2607 1221 2672 adhuc

145 2698 148 2711 ·
178 2682 409 2764 magistratum
441 2682 585 2763 gerenti,
612 2681 809 2769 priusquam¹
835 2685 999 2748 rationem
1028 2691 1219 2773 retulisset,

179 2786 339 2831 coronam
361 2764 573 2844 decerneret,
609 2786 712 2851 quare
736 2768 918 2851 Ctesiphon
939 2772 1062 2833 mulcta
1085 2776 1112 2836 L
1142 2779 1230 2847 tall·

178 2849 388 2917 mulctandus
402 2862 557 2919 'esset—
615 2853 672 2928 19)
698 2852 783 2911 'Poto
805 2852 881 2914 fere
904 2855 1068 2917 decennio
1090 2861 1219 2935 nrultae

180 2935 404 3002 dissensiones
442 2933 531 2995 inter
561 2934 761 3013 Aeschinen
786 2948 820 2995 et
848 2939 1111 3003 Demosthenem
1142 2946 1221 3008 fue.

107 3014 129 3032 ”
146 3064 149 3069 -
180 3036 295 3102 rantg
310 3008 374 3077 llle
391 3020 610 3087 Macedonum
621 3019 760 3102 regibus
778 3018 926 3083 addictus
938 3023 1050 3103 suasit,
1072 3003 1220 3099 inomni

178 3107 279 3170 modo
303 3122 420 3162 eorum
443 3104 587 3165 amicitia
601 3103 819 3179 retineretur,
840 3106 906 3183 hic,
928 3123 965 3170 ut
983 3109 1147 3175 libertatis
1168 3122 1220 3178 t'u·

79 3186 84 3215 ²
168 3192 287 3273 ,endas
309 3207 422 3248 caussa
439 3186 591 3261 civitates
610 3207 645 3248 se
662 3189 909 3271 conjungerent
928 3196 1218 3284 Macedonumque

86 3314 88 3325 ·
167 3278 392 3339 ‘crescentem
416 3272 597 3351 potentiam
621 3272 832 3352 impedirent.
879 3278 962 3336 Cum
984 3299 1067 3342 vcro
1092 3283 1220 3345 Demos

180 3356 305 3432 sthenis
328 3355 465 3416 consilia
480 3354 629 3416 infelicia
647 3355 800 3432 fuissent,
822 3360 1016 3436 Aeschines,
1040 3367 1219 3431 occasione

178 3445 240 3509 illa
260 3439 381 3516 oblata,
416 3441 580 3501 aemulum
603 3460 621 3499 e
643 3461 715 3523 rep.
746 3443 869 3504 tollere
898 3459 1034 3506 conatus
1065 3463 1128 3526 est,
1158 3453 1220 3517 sed
1262 3500 1264 3505 .

180 3550 259 3629 spes
282 3545 356 3589 eum
377 3523 514 3607 fefellit.
556 3527 801 3587 Demosthenes
822 3525 905 3587 vicit
922 3530 1060 3613 egregia
1083 3533 1144 3596 hac
1160 3557 1220 3620 op.

180 3618 329 3698 nmque
351 3608 515 3684 oratione,
539 3630 635 3692 quam
657 3609 777 3672 merito
800 3609 1149 3682 laudautDion.'Hal.
1177 3621 1219 3684 ds

181 3717 291 3780 comp,
308 3691 427 3759 verbb.
451 3695 490 3754 T.
512 3695 554 3769 V,
575 3717 608 3776 p.
628 3695 690 3757 204
713 3695 765 3768 R„
785 3694 929 3771 Longin.
953 3717 982 3759 c.
1010 3700 1051 3774 X,
1073 3701 1144 3767 Cic.
1168 3726 1214 3772 or.

200 3827 209 3846 .
232 3785 317 3855 133,
342 3775 503 3867 Quinctil.
527 3778 606 3841 inst.
627 3796 677 3837 or.
700 3776 757 3855 xl,
779 3785 809 3844 1.
833 3778 886 3841 of.
912 3778 1056 3853 Becher.
1078 3787 1102 3848 l.
1127 3786 1211 3874 '001¹-

182 3934 187 3941 ,
224 3871 320 3941 3ss.,
349 3861 507 3930 Raumcri
528 3882 619 3925 vers.
640 3860 672 3921 h.
694 3880 745 3924 or.
766 3896 809 3911 -
882 3868 884 3875 '
972 3915 978 3922 .
1056 3910 1066 3974 ,Ι
1116 3875 1120 3883 ’

267 3980 325 4059 20)
339 3982 456 4064 Longe
471 3977 595 4041 distare
611 3951 767 4045 videntur
780 4002 799 4041 a
812 3977 1138 4067 vi'Demosthenica3
1150 3956 1223 4053 De.

183 4071 366 4138 mosthenis
379 4070 486 4160 igitur
504 4090 578 4137 esse
593 4054 919 4158 negantDion,Hsl.'
935 4089 975 4140 π.
1009 4069 1104 4169 Atyn.
1139 4075 1222 4150 deu.
