2564 4724
146 207 162 255 Γ

770 186 780 221 ,

373 278 375 283 ,
515 230 818 353 fas}

158 447 314 525 Athenis
339 424 381 519 in
405 432 575 520 Pontum
600 461 640 518 et
664 456 769 549 'retro
794 416 816 518 d
840 445 963 519 Ponto
987 451 1153 526 Athenas
1174 431 1235 530 inss

102 548 122 579 ’·
159 549 325 623 columis
370 570 529 621 cursum
569 545 808 618 confecisset.
867 545 1053 624 Phormio
1096 570 1234 632 autem

159 675 251 721 curn
262 647 460 820 Lamyaide,
480 647 591 721 navis
608 644 817 744 praefecto,
838 648 1002 745 pecunia
1018 651 1088 722 illa
1105 649 1227 754 Chry.

38 780 45 811 t
158 751 315 847 cippum
360 744 525 818 raudare
551 747 688 818 voluit.

234 848 292 945 [ld¹
321 845 410 940 (sl).
454 842 587 920 Oratio
624 844 871 918 adversus
911 846 1112 924 Lacriti
1157 878 1226 930 ex·
1267 852 1272 921 .'

101 986 114 1005 ι
156 948 449 1046 ceptione'm
491 947 596 1039 (πρὸς
634 945 698 1036 τήν
739 943 930 1033 Adranon
961 956 1231 1050 aaoayoacpy'v).

154 1046 310 1131 Lacriti,
351 1046 515 1118 oratoris
550 1043 762 1139 callidili),
804 1044 982 1118 Isocratis
1029 1049 1230 1152 discipuli,

93 1166 96 1171 ‘
155 1148 278 1224 frater
310 1143 496 1220 Artemon
528 1145 786 1234 Phaselita¹⁶)
824 1143 871 1216 ah
889 1218 891 1227 ,
907 1145 1098 1222 Androcle
1128 1155 1233 1232 XXX

155 1250 284 1324 minas
320 1259 522 1317 mutuatus
559 1260 650 1331 erat,
690 1243 1031 1341 quas‚·'rlrtemone
1057 1267 1225 1344 mortno,

156 1347 206 1419 ah
234 1344 411 1437 ejusdem
441 1343 563 1418 fratre
590 1358 629 1416 et
653 1342 811 1430 herede,
849 1345 920 1441 qui
944 1349 1075 1421 omnia
1098 1377 1227 1450 posse·
1265 1400 1272 1437 ι,

42 1466 50 1481 ’
157 1446 219 1521 dit
246 1444 293 1517 ab
320 1455 529 1519 Artemone
555 1445 703 1532 relicta,
743 1442 953 1516 Androcles
977 1451 1101 1544 petiit.
1151 1450 1228 1526 Hu-

157 1550 218 1640 jus
262 1545 463 1619 Androclis
504 1543 672 1642 Sphettii
711 1557 749 1614 et
783 1540 1018 1642 Nausicratis
1064 1545 1232 1650 Carystii

43 1719 50 1741 ,
156 1645 321 1722 nomine
347 1645 471 1718 oratio
496 1646 636 1741 scripta
662 1656 730 1714 est.

235 1741 1033 1837 46(35).adversaaPantaenetum
1059 1770 1229 1853 excep.

159 1845 236 1918 tio
270 1844 374 1937 (πρὸς
416 1844 478 1912 τὸν
514 1839 748 1917 Παυτοίινετον
784 1848 1055 1936 παραγράφικος
1074 1845 1221 1946 1λόγος)

159 1943 312 2042 Scripta
327 1961 384 2018 est
402 1934 526 2018 oratio
543 1942 703 2017 nomine
715 1941 914 2035 Nicobuli,
941 1970 1062 2044 quem
1076 1947 1229 2025 Pantae

39 2056 45 2063 ·
96 2116 99 2133 ,
161 2057 276 2131 netus
300 2044 344 2118 in
367 2044 563 2136 judicium
576 2056 796 2132 vocaverat,
825 2047 1004 2145 quamvis
1030 2071 1101 2121 reo
1119 2051 1233 2129 litem

76 2160 78 2164 ·
161 2147 242 2235 jam
267 2161 378 2218 antea
401 2142 625 2218 remisisset.
696 2202 698 2208 ,
963 2168 970 2178 ’

56 2304 60 2313 .
119 2258 122 2263 ’
239 2242 288 2318 dl
317 2248 411 2337 (36).
446 2241 581 2319 Oratio
618 2243 864 2317 adversus
901 2243 1235 2366 Olympiodo-

161 2365 273 2418 rum
300 2345 409 2436 (nard
440 2341 749 2439 Ὀλυμπιοδώρου,
765 2343 903 2438 βλάβης
931 2347 1062 2438 loyes).
1113 2344 1235 2421 Calli.

123 2496 126 2500 -
162 2457 302 2518 stratrrs
328 2459 368 2517 et
390 2441 712 2543 Olympiodorus,
743 2439 904 2517 Conone
929 2458 1099 2532 mortu0,
1137 2471 1235 2520 con-

78 2582 86 2597 κ
163 2544 397 2631 stituerant‚'
412 2559 458 2616 ut
482 2543 585 2618 bona
610 2547 705 2633 ejus,
740 2541 961 2633 adjudices
986 2566 1135 2617 renon
1162 2545 1235 2621 de.

162 2644 251 2732 lata,
288 2646 433 2743 pariter
470 2645 573 2718 inter
605 2667 646 2716 se
677 2643 926 2741 partirentur.
978 2643 1081 2719 Post.
1101 2659 1238 2726 autern

165 2740 471 2843 Olympiodorus
505 2759 642 2820 totam,
659 2741 920 2817 hereditatem
950 2743 1029 2819 sibi
1059 2745 1257 2820 vindica.-

163 2858 284 2931 verat,
314 2868 434 2943 qnare
452 2869 473 2915 a
488 2840 716 2931 Callistrato,
743 2841 1008 2921 Demosthene
1024 2843 1233 2939 scribente,

33 2998 37 3011 .
162 2943 207 3037 in
232 2943 427 3035 judicium
457 2959 617 3020 vocatus
644 2958 712 3017 est.

20 3130 28 3137 ,
64 3106 68 3113 ,
237 3044 286 3120 48
316 3048 407 3137 (37).
434 3041 568 3120 Oratio
592 3045 644 3118 in
674 3041 1089 3142 Dionysodorum
1123 3045 1234 3140 (nard

32 3154 42 3253 ζ
164 3141 433 3233 Διονυσοδώρου
471 3147 610 3236 βλάβης
641 3144 704 3233 lh).
760 3140 897 3219 Darius
932 3161 971 3219 et
1006 3144 1236 3249 Pamphilus

163 3236 439 3339 Dionysodoro
478 3249 644 3344 ejusque
677 3243 783 3315 socio
816 3243 1065 3337 Pannenisco
1088 3244 1237 3324 -tttltllt

78 3416 80 3421 .
164 3341 367 3421 drachmas
380 3360 535 3421 mutuas
563 3341 764 3421 dederant.
816 3342 864 3415 Hi
877 3344 1154 3419 Alexandriam
1171 3373 1236 3421 na.

164 3445 357 3540 rigarunt,
392 3445 641 3523 frumentum
680 3441 740 3520 ihi
765 3445 922 3536 emturi,
959 3468 999 3516 se
1024 3448 1237 3550 penuriam

163 3624 510 3654 Μυκη-..ι

291 3779 347 3858 15)
370 3782 414 3846 cf.
436 3783 524 3851 Plut.
549 3785 647 3850 Dem.
670 3787 709 3850 Τ.
731 3786 757 3862 Ι,
779 3806 812 3868 p.
834 3785 896 3850 859
917 3787 957 3850 Β.

290 3893 344 3970 16)
375 3891 537 3972 Phaselis,
566 3888 778 3983 Pamphyliae
808 3897 900 3972 urbs,
928 3898 969 3958 de
996 3894 1089 3976 cujus
1112 3900 1232 3971 incola.

205 3993 278 4034 rum
312 3979 478 4059 corruptis
505 3982 843 4048 m01·ihusv.Pauw.
877 3994 1017 4067 quaestt,
1041 3984 1169 4067 philos,
1199 3990 1238 4057 de

207 4056 361 4161 Graecis,
383 4061 426 4140 ss,
448 4085 481 4147 p.
502 4067 566 4144 29,
585 4065 728 4136 Becher,
750 4069 850 4130 Dem.
868 4088 901 4151 p.
923 4070 996 4136 428.
