2564 4724
327 260 330 269 ,
453 258 491 295 Ι,
533 152 681 294 -f'sa
733 142 799 239 -Ψ

124 385 163 458 ei
191 383 403 461 destinatus
429 385 553 457 serius
577 385 698 472 venit,
728 399 779 467 et,
809 380 902 458 curn
917 385 1101 474 venisset,
1128 388 1203 461 tri.

121 485 369 560 erarchatum
411 483 544 558 'adire'
561 484 701 572 noluit,
748 484 1083 581 syntrierarchum
1121 487 1200 575 sihi

121 583 423 686 exspectandum
464 609 547 658 esse
584 585 729 657 dicens.
785 576 894 657 Hanc
930 583 981 659 ob
1016 611 1194 663 caussam

121 713 182 762 res
211 711 295 760 suas
327 684 484 769 Athenis
511 683 771 783 Apollodorus
802 685 1003 782 negligere
1027 686 1194 763 'coactus

38 787 52 828 '⁴
118 790 246 863 multa
271 786 401 859 amisit
426 800 466 857 et
490 812 512 858 a
538 785 697 880 Polycle
731 783 1017 860 detrimentum
1041 786 1120 863 has
1155 814 1197 864 re

118 903 278 988 captum
301 886 415 984 petiit
438 899 484 958 ut
510 887 743 958 restitueret.
1136 928 1141 933 -

194 991 239 1064 51
268 986 361 1079 (40).
402 983 537 1061 Oratio
573 984 810 1058 adversus
849 985 1092 1062 Boeotum
1131 989 1162 1065 d

116 1087 322 1162 nomine
361 1083 466 1181 (πρὸς
502 1084 664 1159 Boiotro»
708 1092 789 1173 περὶ
821 1093 885 1157 τοῦ
924 1085 1097 1180 ὀνόματος
1127 1087 1190 1184 A),

62 1222 66 1229 ¹
115 1187 359 1262 Mantitheus.
384 1203 501 1276 actor,
534 1189 700 1262 Boeotus
734 1188 901 1281 reus18).
950 1189 1115 1262 Boeotus
1147 1204 1188 1262 et

8 1288 11 1294 ’
96 1288 191 1381 ,sihi
227 1285 435 1361 Mantithei
467 1313 614 1366 nomen
656 1287 913 1386 imposuerat3
951 1287 1190 1363 Mantitheus

116 1384 261 1476 Autem,
286 1389 479 1482 Boeotum
502 1389 577 1461 hoc
599 1382 768 1471 nomine
792 1384 904 1462 al'ruti
929 1405 968 1461 et
985 1388 1191 1489 ¹decipere,

115 1491 314 1589 actorique
346 1486 505 1568 officere
526 1513 638 1587 posse
666 1487 795 1577 docet,
820 1484 883 1562 Ol.
904 1484 1014 1576 CVII,
1032 1496 1140 1564 2aut
1159 1496 1209 1581 3.Ι

191 1592 240 1665 52
264 1589 353 1684 (11).
380 1585 515 1673 Oratio
538 1590 586 1674 in
610 1584 868 1665 Cononem
891 1588 999 1681 (κατοιΙ
1021 1584 1193 1673 Κόνωνος

12 1682 20 1693 ’
84 1698 231 1785 ιαἰκίαις
257 1690 319 1779 A).
369 1696 485 1763 Actor
522 1689 640 1780 hujus
677 1713 834 1762 caussae
868 1702 928 1760 est·
952 1691 1090 1779 Aristo,
1120 1695 1192 1793 qui

5 1780 13 1799 ”
113 1816 136 1863 a
163 1786 325 1867 Conone
348 1792 511 1889 ejusque
542 1786 632 1863 filiis
663 1789 820 1880 injuriis
846 1790 890 1863 in
913 1789 1075 1889 publico
1103 1817 1191 1889 gra.

32 1966 39 1985 s
112 1891 301 1964 vissimis'
317 1904 355 1962 et
388 1891 637 1972 contumeliis
674 1889 839 1975 affectus
874 1889 1191 1994 verberibusque

110 1987 281 2065 inflictus
321 2007 415 2079 erat,
468 2004 514 2063 ut
565 1990 839 2065 semianimem
880 1990 1047 2077 domum
1098 2020 1193 2091 por.

64 2130 68 2139 ·
109 2105 248 2166 tarent.
299 2089 457 2168 Judices
490 2106 613 2189 rogat,
649 2107 695 2165 ut
730 2093 1064 2168 contumeliosum
1088 2094 1192 2171 faci-

109 2217 183 2267 nus
207 2191 457 2266 ulciscantur.
537 2190 539 2197 ’
993 2240 996 2245 -
1104 2204 1109 2214 ’

185 2291 225 2364 d.
251 2288 397 2380 Oratio,
416 2315 517 2393 quae
534 2290 583 2365 ad
604 2290 952 2377 vadimonium
972 2293 1188 2394 promis.

111 2418 219 2468 sum
243 2394 428 2490 pertinet,'
572 2423 574 2427 ⁴
909 2438 913 2445 -
1010 2402 1014 2409 '
1062 2484 1065 2488 ¹
1203 2410 1206 2417 ’

124 2574 126 2578 ,
186 2493 352 2585 53142).
386 2492 635 2576 Adversus
662 2491 977 2590 Apaturium,
1011 2514 1188 2590 excep«

22 2616 25 2621 ·
109 2595 183 2670 tio
207 2593 312 2688 (πρὸς
336 2591 576 2681 Ἀπατόυριον
600 2592 778 2688 rapoto).
829 2592 1004 2673 Beuma
1029 2590 1188 2666 Parme-

108 2700 215 2768 none
230 2690 382 2767 'vadem
406 2691 480 2777 sibi
503 2693 641 2787 ‚datum
669 2717 763 2780 esse,
793 2693 997 2793 Apaturius
1023 2707 1188 2767 conten-

110 2794 182 2883 dit,
211 2818 332 2893 quare
360 2817 467 2882 eum,
499 2792 756 2880 Parmenone,
793 2795 865 2893 qui
894 2796 938 2867 in
971 2789 1188 2867 Chersone·

109 2919 199 2987 sum
232 2893 432 2994 profectus
466 2908 558 2982 erat,
594 2892 766 2980 absente,
801 2910 846 2969 ut
874 2892 1006 2967 officio
1034 2895 1187 2967 satisfa.

110 3009 227 3080 cerat,
277 2993 465 3077 hortatur.
518 2993 594 3084 Qui
637 3017 734 3065 vero
771 3019 795 3073 ¹a
830 3019 870 3067 se
908 2993 1198 3084 vadimonium

108 3093 347 3195 promissum
374 3119 455 3168 esse
478 3094 646 3191 negavit.
799 3164 810 3179 „
990 3133 992 3136 >
1104 3174 1106 3179 ,

185 3218 219 3266 e.
246 3190 448 3268 Orationes
476 3197 525 3268 de
552 3193 709 3270 distis
732 3192 1062 3269 testimoniis.

185 3295 244 3370 51.
281 3298 341 3370 55.
377 3293 579 3371 Orationes
617 3295 660 3364 in
697 3290 1001 3391 Stephanum
1032 3292 1051 3366 I
1079 3308 1120 3366 et
1151 3294 1188 3373 II

7 3423 11 3439 ·
107 3392 216 3491 (κατοὶ
229 3397 410 3490 Στεφάνου
420 3399 725 3495 ψευδομαρτυρίων
737 3396 766 3474 μ’
778 3399 836 3462 καὶ
845 3395 919 3484 B).
933 3391 1120 3491 Stephani
1127 3398 1188 3491 1-9)

112 3581 462 3612 W

233 3734 289 3811 18)
312 3747 344 3788 r.
366 3747 456 3808 supr.
481 3732 533 3800 σι’,Ι
555 3725 596 3791 40
619 3695 702 3807 (29).
963 3789 967 3798 ,

236 3815 291 3893 19)
315 3812 515 3891 Stephanum
536 3808 623 3869 hunc
645 3806 745 3868 alium
761 3825 833 3869 esse
851 3807 962 3870 videri
985 3809 1024 3871 ab
1047 3828 1102 3884 eo,
1167 3808 1176 3869 i

105 3958 107 3965 ,
148 3895 255 3958 inor.
278 3901 329 3960 28.
352 3893 588 3979 exagitaretur,
611 3893 719 3955 Wolf.
740 3891 822 3953 dicit
842 3894 926 3978 App.
950 3893 1027 3956 orit.
1050 3832 1170 3964 Μῦς

148 4001 182 4063 p.
205 3981 276 4046 167.
293 4011 335 4023 ·-

43 4296 200 4496 s

1139 3926 1208 3975 Ὗ-
