2564 4724
533 244 786 336 ,ζεύ-

69 544 71 548 ,
112 490 197 541 cum
221 463 371 538 fenore
387 462 531 534 statim
555 478 645 559 pozt
663 462 840 534 reditum
864 461 1089 534 reddituros
1114 488 1199 534 esse

104 565 293 667 polliciti.
362 562 477 635 Nunc
527 580 664 634 autem
707 588 835 660 quum
883 562 1096 634 creditores
1139 563 1197 634 se·

98 689 206 740 nore
243 660 433 736 fraudare
472 663 530 733 eis
564 664 607 734 in
646 664 781 733 animo
815 679 926 739 esset.
964 661 1039 732 sibi
1075 663 1198 734 solam

90 758 277 861 'usuram
300 762 455 835 itineris
481 760 669 835 ilbodum
703 787 830 859 usque
856 761 1100 845 solvendam,
1141 764 1195 832 al·

62 946 70 963 ,
105 880 244 939 teram
266 886 411 933 usurae
435 877 604 960 partem,
631 885 734 957 (snae
758 862 896 933 fuisset
922 860 1059 931 Rhodo
1085 860 1197 932 ithe-

108 958 181 1037 uas
208 961 413 1047 solvenda,
443 960 729 1035 remittendam
750 985 836 1033 esse
858 961 1056 1034 dixemnt.
1082 958 1199 1050 Quod

111 1078 220 1138 actor
240 1062 418 1158 negavit.

181 1163 347 1255 49(38).
375 1158 1198 1251 Oratioadrersusfialliclem(rcod;

104 1258 331 1337 Καλλικλέα
355 1268 439 1348 περὶ
463 1273 596 1348 χωρίον
619 1264 682 1351 λζ.
735 1257 917 1334 Callicle<
945 1266 1109 1358 ejusque
1135 1286 1195 1332 so-

105 1364 165 1435 cii.
193 1374 371 1435 actorem
405 1362 450 1433 in
486 1366 548 1452 jus
579 1378 818 1434 vocaverant
850 1375 1055 1459 propterea
1088 1360 1196 1457 quod

111 1461 271 1551 canales
295 1460 519 1557 egerendae
554 1485 679 1559 atprae
713 1462 876 1558 pluviae
903 1478 975 1532 etc.
1001 1461 1196 1557 corrupis-

113 1575 189 1647 set,
233 1584 356 1659 ‹psare
386 1559 551 1659 praedia
585 1585 655 1632 sua
688 1585 879 1656 magnum
910 1561 1197 1633 detrimentum

117 1674 317 1757 caperent,
340 1685 433 1734 cum
458 1686 572 1759 aqua,
598 1657 788 1732 aedificiis
812 1662 883 1733 rel
903 1659 1113 1733 moenibus
1129 1684 1196 1758 op-

169 1760 255 1833 sitis
291 1762 461 1847 exclusa,
498 1763 544 1834 in
582 1759 733 1833 fundos
776 1785 868 1833 suos
905 1762 1196 1833 immitteretur.

192 1874 257 1933 tor
268 1877 405 1935 autem
418 1862 532 1934 dolos
545 1874 585 1931 et
596 1861 783 1933 fraudem
795 1886 935 1934 eorum
943 1860 1195 1934 demonstrat.

192 1962 242 2035 50
259 1962 352 2057 (39).
372 1957 510 2034 Oratio
535 1960 785 2033 adversus
810 1960 1195 2057 Polyclemt'rcpdg

111 2057 308 2135 Πολυκλέα
332 2068 503 2149 περὶτοῦ
529 2065 897 2154 ἐπιτριηραρχήματος
921 2058 983 2149 L).
1040 2062 1195 2157 Apollo·

95 2158 251 2246 'dorus
276 2159 451 2234 Pasionis
476 2159 582 2234 filius
598 2162 869 2247 nummularii,
895 2161 1195 2257 trierarchus¹⁷)

110 2257 166 2332 ad
192 2259 385 2334 Thraciae
409 2287 497 2334 oras
517 2263 782 2359 navigaverat.
832 2260 1056 2334 Duodecim
1084 2285 1193 2334 men-

111 2358 225 2434 sibus
249 2363 540 2461 praeterlapsis,
567 2380 615 2434 ut
638 2361 698 2433 fas
724 2377 817 2449 erat,
844 2387 867 2432 a
889 2380 1056 2435 munere
1080 2363 1190 2434 trier-

115 2459 278 2537 archico
302 2460 500 2536 decedere
518 2464 662 2553 voluit,
690 2461 760 2535 sed
775 2461 968 2563 Polycles,
994 2487 1192 2539 successor

116 2585 471 2614 fl—-v-u-—u—u-

114 2757 117 2762 Ι
246 2672 305 2753 17)
326 2675 367 2739 F.
389 2678 431 2740 A.
459 2678 565 2744 Wolf.
591 2682 626 2744 in
646 2686 742 2765 Lept.
766 2683 792 2744 C
813 2701 876 2742 ss:
907 2682 1065 2766 Sequitur
1088 2685 1188 2750 trier.

158 2757 284 2834 archia,
322 2776 407 2823 onus
444 2761 525 2823 olim
554 2769 725 2830 molestius
755 2780 790 2827 et
820 2768 1018 2828 sumtuosius
1055 2773 1188 2841 ceteris.

157 2843 267 2934 Saepe
290 2858 403 2907 autem
425 2846 588 2911 variatum
611 2867 662 2913 est
675 2854 710 2911 in
722 2864 815 2933 parte
836 2850 1068 2935 impensarum,
1091 2879 1189 2942 quam

156 2925 339 2990 trierarchi
355 2931 464 2993 terre.
477 2931 655 2998 debebant.
698 2936 813 2999 Primo
833 2949 984 3021 tempore
1003 2946 1053 3024 (p.
1068 2943 1187 3021 extr)

156 3009 302 3074 vidimus
323 3015 484 3076 triremes
511 3021 604 3103 publ.
635 3034 744 3087 sumtu
769 3021 965 3100 aedificatas,
1001 3026 1077 3088 illos
1106 3031 1188 3095 nihil

159 3103 326 3166 addidisse
349 3106 392 3168 de
413 3124 475 3167 suo
497 3127 633 3192 praeter
655 3103 874 3203 πλρρώματα
892 3123 932 3185 et
946 3117 1058 3217 otetlf.
1103 3127 1186 3193 Tum

158 3217 245 3261 vero
266 3198 404 3261 illorum
427 3201 567 3299 quisque
588 3205 664 3267 fere
685 3228 801 3270 narem
820 3212 1010 3292 praelectus
1027 3236 1187 3288 conscen-

157 3281 261 3344 debat
285 3294 319 3342 et
341 3282 493 3348 militiam
526 3288 598 3370 ipse
625 3292 838 3375 sequebatur.
881 3297 1022 3363 Posthac
1054 3313 1184 3389 quando

156 3368 224 3427 duo
248 3366 304 3463 rel
327 3379 399 3427 tres
422 3369 463 3433 ad
484 3372 580 3433 unius
602 3377 694 3439 navis
718 3377 910 3443 societatem
932 3385 1075 3466 coibant,
1098 3417 1186 3460 sum.

156 3465 226 3547 tum
246 3463 339 3515 mter
361 3472 398 3513 se
420 3452 466 3520 ita
485 3459 725 3539 partiebantur,
753 3478 789 3526 ut
809 3465 890 3527 nihil
912 3492 1001 3555 resp.
1026 3496 1184 3551 statuisse

158 3535 321 3630 videatur.
366 3540 445 3599 Mox
472 3541 565 3602 mille
587 3544 721 3608 ducenti
743 3569 949 3631 successere,
984 3580 1024 3621 ex
1045 3530 1109 3627 tub
1131 3592 1186 3633 so.

157 3632 259 3689 cretas
288 3640 442 3705 quaeque
472 3626 577 3687 solam
603 3651 722 3693 narem
757 3637 938 3718 praebebat
967 3646 1181 3739 aedilitatum,

152 3711 290 3795 publice
313 3710 519 3780 addebantur
542 3737 751 3805 armamenta,
773 3744 892 3798 nautae
913 3752 946 3802 et
962 3733 1184 3841 σκεΰρτυιμρ.

156 3810 299 3902 αρχικοί,
339 3836 420 3901 quas
447 3840 514 3895 res,
558 3840 674 3888 exacto
701 3851 851 3909 munero,
881 3842 1021 3931 quisque
1051 3806 1104 3911 vel
1133 3808 1179 3931 bi,

157 3908 215 3992 qui
237 3926 452 4013 successurus
483 3930 565 3991 erat,
596 3923 660 3994 ¹rel
683 3925 767 4011 reip.
801 3932 946 3999 reddere
968 3940 1119 4010 debebat.
1141 3984 1184 4001 -

153 3993 193 4055 ln
217 4012 345 4053 morem
377 4011 474 4061 stram
504 4021 644 4069 venerat
674 4010 796 4074 locatio
824 4018 1054 4109 trierarcbiao,
1091 4046 1125 4097 ct
1144 4033 1182 4103 ¹iu

91 4136 95 4141 ,
153 4100 275 4141 annum
297 4079 423 4147 talento
445 4085 520 4148 fere
543 4095 785 4169 calceabatur.
842 4128 848 4139 ·
